@software{yolo11_ultralytics,
  author = {Glenn Jocher and Jing Qiu},
  title = {Ultralytics YOLO11},
  version = {11.0.0},
  year = {2024},
  url = {https://github.com/ultralytics/ultralytics},
  orcid = {0000-0001-5950-6979, 0000-0002-7603-6750, 0000-0003-3783-7069},
  license = {AGPL-3.0}
}

@INPROCEEDINGS{wang_and_zhang,

  author={Wang, YiHui and Zhang, HuaLiang},

  booktitle={2022 International Conference on Image Processing, Computer Vision and Machine Learning (ICICML)}, 

  title={Research on machine vision technology based detection and tracking of objects on video image}, 

  year={2022},

  volume={},

  number={},

  pages={267-270},

  keywords={Computer vision;Target tracking;Image color analysis;Machine vision;Simulation;Object detection;Machine learning;object detection;object tracking;machine vision technology;tracking method;simulation verification},

  doi={10.1109/ICICML57342.2022.10009811}}

@INPROCEEDINGS{smart_parking,
  author={M, Ramesh and N, Sriram and M, Suganth K and Krushna K S, Shree Tharun and A, Anitha Rani and K, Kodeeswari},
  booktitle={2025 3rd International Conference on Intelligent Data Communication Technologies and Internet of Things (IDCIoT)}, 
  title={Efficient Smart Parking Space Identification and Classification System Using YOLOv8 Network Model}, 
  year={2025},
  volume={},
  number={},
  pages={1332-1337},
  keywords={Training;YOLO;Space vehicles;Accuracy;Automated parking;Streaming media;Real-time systems;Data models;Traffic congestion;Testing;Machine Learning;CNN;YOLO;Smart Parking System (SPS);Parking lot;Image segmentation},
  doi={10.1109/IDCIOT64235.2025.10914966}}


@INPROCEEDINGS{social_robotics,
  author={Thaymara Romulo, C. S. and Boscatti, Lucas P. and Rejane Faria, W. S. C. and Brandão, Alexandre S.},
  booktitle={2023 Latin American Robotics Symposium (LARS), 2023 Brazilian Symposium on Robotics (SBR), and 2023 Workshop on Robotics in Education (WRE)}, 
  title={Advances in Social Robotics: A Brief Review of Recent Contributions and Innovations}, 
  year={2023},
  volume={},
  number={},
  pages={35-40},
  keywords={Technological innovation;Pediatrics;Conferences;Education;Medical services;Variable speed drives;Object recognition;Social Robotics;Acceptability;Advancements.},
  doi={10.1109/LARS/SBR/WRE59448.2023.10332925}}


@misc{dataset_images,
      title={Image-Based Parking Space Detection and Occupancy Classification}, 
      authors={Kimia Afshari, Yuchen Hou},
      year={2023}
}

@misc{images_original,
      title={Image-Based Parking Space Occupancy Classification: Dataset and Baseline}, 
      author={Martin Marek},
      year={2021},
      eprint={2107.12207},
      archivePrefix={arXiv},
      primaryClass={cs.CV}
}

@INPROCEEDINGS{real_time_transport,
  author={Sharma, Neerav and Garg, Rahul Dev},
  booktitle={2022 International Conference on Engineering and Emerging Technologies (ICEET)}, 
  title={Real-Time Computer Vision for Transportation Safety using Deep Learning and IoT}, 
  year={2022},
  volume={},
  number={},
  pages={1-5},
  keywords={Deep learning;Training;Computer vision;Transportation;Object detection;Solids;Real-time systems;Computer Vision;Real-time Systems;ADAS;ITS;Deep Learning},
  doi={10.1109/ICEET56468.2022.10007226}
}

@INPROCEEDINGS{smart_cities,
  author={Mahamuni, Chaitanya V and Sayyed, Zuber and Mishra, Ayushi},
  booktitle={2022 IEEE International Power and Renewable Energy Conference (IPRECON)}, 
  title={Machine Learning for Smart Cities: A Survey}, 
  year={2022},
  volume={},
  number={},
  pages={1-8},
  keywords={Deep learning;Training;Smart cities;Computational modeling;Transportation;Machine learning;Information and communication technology;Smart City;Machine Learning;Air quality;Smart Health;Smart Education;Smart Energy;Smart Transportation/Mobility},
  doi={10.1109/IPRECON55716.2022.10059521}}

@INPROCEEDINGS{parking_space_management,
  author={Gozner, Máté and Fischer, Mátyás-Zsigmond and Simon, Károly and Zölde, Attila and Fazakas, Lóránt-Tibor},
  booktitle={2024 IEEE 22nd Jubilee International Symposium on Intelligent Systems and Informatics (SISY)}, 
  title={Parking Space Management and Occupancy Determination Using Artificial Intelligence}, 
  year={2024},
  volume={},
  number={},
  pages={000375-000380},
  keywords={Image processing;Cameras;Real-time systems;Security;Logic;Automobiles;Intelligent systems;Informatics;Intelligent sensors;Vehicles;artificial intelligence;real time image processing;parking lot management;car park management;free parking spaces},
  doi={10.1109/SISY62279.2024.10737566}}
